@article{Babuska1971,
 author = {Babu\v{s}ka, Ivo},
 title = {Error-bounds for Finite Element Method},
 journal = {Numer. Math.},
 issue_date = {January   1971},
 volume = {16},
 number = {4},
 month = jan,
 year = {1971},
 issn = {0029-599X},
 pages = {322--333},
 numpages = {12},
 url = {http://dx.doi.org/10.1007/BF02165003},
 doi = {10.1007/BF02165003},
 acmid = {2715593},
 publisher = {Springer-Verlag New York, Inc.},
 address = {Secaucus, NJ, USA},
}

@article{Bassi1997,
title = "High-Order Accurate Discontinuous Finite Element Solution of the 2{D} {E}uler Equations ",
journal = "Journal of Computational Physics ",
volume = "138",
number = "2",
pages = "251 - 285",
year = "1997",
note = "",
issn = "0021-9991",
doi = "http://dx.doi.org/10.1006/jcph.1997.5454",
url = "http://www.sciencedirect.com/science/article/pii/S0021999197954541",
author = "F. Bassi and S. Rebay"
}

@article{Brezzi2004,
author = {BREZZI, F. and MARINI, L. D. and SÜLI, E.},
title = {DISCONTINUOUS GALERKIN METHODS FOR FIRST-ORDER HYPERBOLIC PROBLEMS},
journal = {Mathematical Models and Methods in Applied Sciences},
volume = {14},
number = {12},
pages = {1893-1903},
year = {2004},
doi = {10.1142/S0218202504003866},
URL = {https://doi.org/10.1142/S0218202504003866},
eprint = {https://doi.org/10.1142/S0218202504003866}
}

@article{Brooks1982,
title = "Streamline upwind/Petrov-{G}alerkin formulations for convection dominated flows with particular emphasis on the incompressible Navier-Stokes equations ",
journal = "Computer Methods in Applied Mechanics and Engineering ",
volume = "32",
number = "1–3",
pages = "199 - 259",
year = "1982",
note = "",
issn = "0045-7825",
doi = "http://dx.doi.org/10.1016/0045-7825(82)90071-8",
url = "http://www.sciencedirect.com/science/article/pii/0045782582900718",
author = "Alexander N. Brooks and Thomas J.R. Hughes"
}

@article{Brunken2018,
   author = {{Brunken}, J. and {Smetana}, K. and {Urban}, K.},
    title = "{(Parametrized) First Order Transport Equations: Realization of Optimally Stable Petrov-Galerkin Methods}",
  journal = {ArXiv e-prints},
archivePrefix = "arXiv",
   eprint = {1803.06925},
 primaryClass = "math.NA",
 keywords = {Mathematics - Numerical Analysis, 65N30, 65J10, 65M12 65Mxx},
     year = 2018,
    month = mar,
   adsurl = {http://adsabs.harvard.edu/abs/2018arXiv180306925B},
  adsnote = {Provided by the SAO/NASA Astrophysics Data System}
}

@article {BuiThanh2013,
title = {Constructively Well-Posed Approximation Methods with Unity Inf-Sup and Continuity Constants for Partial Differential Equations},
journal = {Mathematics of Computation},
volume = {82},
year = {2013},
pages = {1923{\textendash}1952},
author = {Bui-Thanh, T. and Demkowicz, L. and Ghattas, O.}
}

@techreport{Carlson2011,
title={Inflow/Outflow Boundary Conditions with Application to FUN3D},
author={Carlson, Jan-Rene\'e},
year={2011},
institution={NASA Langley Research Center},
number={NASA/TM-2011-217181},
url={https://ntrs.nasa.gov/search.jsp?R=20110022658},
}

@misc{Chan_thesis,
title={A {DPG} method for convection-diffusion problems},
author={Chan, Jesse},
note = ". Ph.D. Thesis, University of Texas at Austin",
pages={1-181},
year={2013},
url={https://repositories.lib.utexas.edu/handle/2152/21417},
}

@article{Chan2014,
title = "A {DPG} method for steady viscous compressible flow ",
journal = "Computers \& Fluids ",
volume = "98",
number = "",
pages = "69 - 90",
year = "2014",
note = "12th {USNCCM} mini-symposium of High-Order Methods for Computational Fluid Dynamics - A special issue dedicated to the 80th birthday of Professor Antony Jameson ",
issn = "0045-7930",
doi = "http://dx.doi.org/10.1016/j.compfluid.2014.02.024",
url = "http://www.sciencedirect.com/science/article/pii/S0045793014000875",
author = "Jesse Chan and Leszek Demkowicz and Robert Moser",
keywords = "Petrov–{G}alerkin",
keywords = "Minimum residual",
keywords = "Higher order",
keywords = "Adaptivity",
keywords = "Anisotropic mesh refinement",
keywords = "Convection–diffusion",
keywords = "Burgers equation",
keywords = "Compressible {N}avier–{S}tokes "
}

@article{Ciarlet1972,
title = "Interpolation theory over curved elements, with applications to finite element methods",
journal = "Computer Methods in Applied Mechanics and Engineering",
volume = "1",
number = "2",
pages = "217 - 249",
year = "1972",
note = "",
issn = "0045-7825",
doi = "http://dx.doi.org/10.1016/0045-7825(72)90006-0",
url = "http://www.sciencedirect.com/science/article/pii/0045782572900060",
author = "P.G. Ciarlet and P.-A. Raviart",
}

@book{Ciarlet2013,
 author = {Ciarlet, Philippe G.},
 title = {Linear and Nonlinear Functional Analysis with Applications},
 year = {2013},
 isbn = {1611972582, 9781611972580},
 publisher = {Society for Industrial and Applied Mathematics},
 address = {Philadelphia, PA, USA},
}

@article{Cockburn1991,
title={The {R}unge-{K}utta local projection P1-discontinuous {G}alerkin finite element method for scalar conservation laws},
author={Cockburn, Bernardo and Shu, Chi-Wang},
journal={RAIRO Mod{\'e}l. Math. Anal. Num{\'e}r},
volume={25},
number={3},
pages={337--361},
year={1991}
}

@article{Cockburn1989a,
title={{TVB} {R}unge-{K}utta local projection discontinuous {G}alerkin finite element method for conservation laws. II. General framework},
author={Cockburn, Bernardo and Shu, Chi-Wang},
journal={Mathematics of Computation},
volume={52},
number={186},
pages={411--435},
year={1989}
}

@article{Cockburn1989b,
title={{TVB} {R}unge-{K}utta local projection discontinuous {G}alerkin finite element method for conservation laws III: one-dimensional systems},
author={Cockburn, Bernardo and Lin, San-Yih and Shu, Chi-Wang},
journal={Journal of Computational Physics},
volume={84},
number={1},
pages={90--113},
year={1989},
publisher={Elsevier}
}

@article{Cockburn1990,
title={The {R}unge-{K}utta local projection discontinuous {G}alerkin finite element method for conservation laws. IV. The multidimensional case},
author={Cockburn, Bernardo and Hou, Suchung and Shu, Chi-Wang},
journal={Mathematics of Computation},
volume={54},
number={190},
pages={545--581},
year={1990}
}

@article{Cockburn1998,
title={The {R}unge-{K}utta discontinuous {G}alerkin method for conservation laws V: multidimensional systems},
author={Cockburn, Bernardo and Shu, Chi-Wang},
journal={Journal of Computational Physics},
volume={141},
number={2},
pages={199--224},
year={1998},
publisher={Elsevier}
}

@article{Cockburn2009,
author = {Cockburn, B. and Gopalakrishnan, J. and Lazarov, R.},
title = {Unified Hybridization of Discontinuous Galerkin, Mixed, and Continuous Galerkin Methods for Second Order Elliptic Problems},
journal = {SIAM Journal on Numerical Analysis},
volume = {47},
number = {2},
pages = {1319-1365},
year = {2009},
doi = {10.1137/070706616},
URL = {https://doi.org/10.1137/070706616},
eprint = {https://doi.org/10.1137/070706616}
}

@article{Demkowicz2010,
title = "A class of discontinuous Petrov-{G}alerkin methods. Part I: The transport equation ",
journal = "Computer Methods in Applied Mechanics and Engineering ",
volume = "199",
number = "23–24",
pages = "1558 - 1572",
year = "2010",
note = "",
issn = "0045-7825",
doi = "http://dx.doi.org/10.1016/j.cma.2010.01.003",
url = "http://www.sciencedirect.com/science/article/pii/S0045782510000125",
author = "L. Demkowicz and J. Gopalakrishnan",
keywords = "Advection",
keywords = "Petrov–{G}alerkin",
keywords = "High order",
keywords = "Discontinuous {G}alerkin",
keywords = "DG",
keywords = "DPG",
keywords = "hp optimal",
keywords = "Spectral",
keywords = "Conservative",
keywords = "Flux",
keywords = "Postprocessing "
}

@article {Demkowicz2011,
author = {Demkowicz, L. and Gopalakrishnan, J.},
title = {A class of discontinuous Petrov-{G}alerkin methods. II. Optimal test functions},
journal = {Numerical Methods for Partial Differential Equations},
volume = {27},
number = {1},
publisher = {Wiley Subscription Services, Inc., A Wiley Company},
issn = {1098-2426},
url = {http://dx.doi.org/10.1002/num.20640},
doi = {10.1002/num.20640},
pages = {70--105},
keywords = {convection diffusion, DG, discontinuous {G}alerkin, DPG, least squares finite element method},
year = {2011},
}

@article{Demkowicz2012,
title = "A class of discontinuous Petrov-{G}alerkin methods. Part III: Adaptivity ",
journal = "Applied Numerical Mathematics ",
volume = "62",
number = "4",
pages = "396 - 427",
year = "2012",
note = "Third Chilean Workshop on Numerical Analysis of Partial Differential Equations (WONAPDE 2010) ",
issn = "0168-9274",
doi = "http://dx.doi.org/10.1016/j.apnum.2011.09.002",
url = "http://www.sciencedirect.com/science/article/pii/S0168927411001656",
author = "Leszek Demkowicz and Jay Gopalakrishnan and Antti H. Niemi",
keywords = "Convection-dominated diffusion",
keywords = "hp-Adaptivity",
keywords = "Discontinuous Petrov–{G}alerkin "
}

@Inbook{Demkowicz2014_overview,
author="Demkowicz, Leszek F.
and Gopalakrishnan, Jay",
title="An Overview of the Discontinuous Petrov Galerkin Method",
bookTitle="Recent Developments in Discontinuous Galerkin Finite Element Methods for Partial Differential Equations: 2012 John H Barrett Memorial Lectures",
year="2014",
publisher="Springer International Publishing",
address="Cham",
pages="149--180",
abstract="We discuss our current understanding of the discontinuous Petrov Galerkin (DPG) Method with Optimal Test Functions and provide a literature review on the subject.",
isbn="978-3-319-01818-8",
doi="10.1007/978-3-319-01818-8_6",
url="https://doi.org/10.1007/978-3-319-01818-8_6"
}

@inbook{Demkowicz2017,
title = {Discontinuous Petrov-Galerkin (DPG) Method},
author = {Demkowicz, Leszek and Gopalakrishnan, Jay},
publisher = {John Wiley \& Sons, Ltd},
isbn = {9781119176817},
url = {http://dx.doi.org/10.1002/9781119176817.ecm2105},
doi = {10.1002/9781119176817.ecm2105},
keywords = {discontinuous test functions, finite elements, adaptivity, Petrov-Galerkin method},
booktitle = {Encyclopedia of Computational Mechanics Second Edition},
year = {2017},
}

@article{Dey1997,
title = "Geometry representation issues associated with p-version finite element computations ",
journal = "Computer Methods in Applied Mechanics and Engineering ",
volume = "150",
number = "1–4",
pages = "39 - 55",
year = "1997",
note = "Symposium on Advances in Computational Mechanics ",
issn = "0045-7825",
doi = "http://dx.doi.org/10.1016/S0045-7825(97)00103-5",
url = "http://www.sciencedirect.com/science/article/pii/S0045782597001035",
author = "Saikat Dey and Mark S. Shephard and Joseph E. Flaherty"
}

@book{DiPietro2011,
  title={Mathematical Aspects of Discontinuous Galerkin Methods},
  author={Di Pietro, D.A. and Ern, A.},
  isbn={9783642229800},
  lccn={2011940956},
  series={Math{\'e}matiques et Applications},
  url={https://books.google.ca/books?id=ak-qQvWGA5oC},
  year={2011},
  publisher={Springer Berlin Heidelberg}
}

@article{DiPietro2015,
title = "A hybrid high-order locking-free method for linear elasticity on general meshes",
journal = "Computer Methods in Applied Mechanics and Engineering",
volume = "283",
pages = "1 - 21",
year = "2015",
issn = "0045-7825",
doi = "https://doi.org/10.1016/j.cma.2014.09.009",
url = "http://www.sciencedirect.com/science/article/pii/S0045782514003181",
author = "Daniele A. Di Pietro and Alexandre Ern",
keywords = "Linear elasticity, General meshes, Arbitrary order, Locking-free methods"
}

@article{Gordon1973,
year={1973},
issn={0029-599X},
journal={Numerische Mathematik},
volume={21},
number={2},
doi={10.1007/BF01436298},
title={Transfinite element methods: Blending-function interpolation over arbitrary curved element domains},
url={http://dx.doi.org/10.1007/BF01436298},
publisher={Springer-Verlag},
author={Gordon, WilliamJ. and Hall, CharlesA.},
pages={109-129},
language={English}
}

@article {Haber1981,
author = {Haber, Robert and Shephard, Mark S. and Abel, John F. and Gallagher, Richard H. and Greenberg, Donald P.},
title = {A general two-dimensional, graphical finite element preprocessor utilizing discrete transfinite mappings},
journal = {International Journal for Numerical Methods in Engineering},
volume = {17},
number = {7},
publisher = {John Wiley & Sons, Ltd},
issn = {1097-0207},
url = {http://dx.doi.org/10.1002/nme.1620170706},
doi = {10.1002/nme.1620170706},
pages = {1015--1044},
year = {1981},
}

@article{Hughes1998,
title = "The variational multiscale method—a paradigm for computational mechanics ",
journal = "Computer Methods in Applied Mechanics and Engineering ",
volume = "166",
number = "1–2",
pages = "3 - 24",
year = "1998",
note = "Advances in Stabilized Methods in Computational Mechanics ",
issn = "0045-7825",
doi = "http://dx.doi.org/10.1016/S0045-7825(98)00079-6",
url = "http://www.sciencedirect.com/science/article/pii/S0045782598000796",
author = "Thomas J.R. Hughes and Gonzalo R. Feijóo and Luca Mazzei and Jean-Baptiste Quincy"
}

@article{Hughes2005,
title = "Isogeometric analysis: {CAD}, finite elements, {NURBS}, exact geometry and mesh refinement ",
journal = "Computer Methods in Applied Mechanics and Engineering ",
volume = "194",
number = "39–41",
pages = "4135 - 4195",
year = "2005",
note = "",
issn = "0045-7825",
doi = "http://dx.doi.org/10.1016/j.cma.2004.10.008",
url = "http://www.sciencedirect.com/science/article/pii/S0045782504005171",
author = "T.J.R. Hughes and J.A. Cottrell and Y. Bazilevs",
keywords = "NURBS",
keywords = "Finite element analysis",
keywords = "{CAD}",
keywords = "Structural analysis",
keywords = "Fluid dynamics",
keywords = "Mesh refinement",
keywords = "Convergence",
keywords = "Boundary layers",
keywords = "Internal layers",
keywords = "Geometry",
keywords = "Shells",
keywords = "h-refinement",
keywords = "p-refinement",
keywords = "k-refinement "
}

@article{Hughes2007,
author = {T. J. R.  Hughes and G.  Sangalli},
title = {Variational Multiscale Analysis: the Fine‐scale {G}reen’s Function, Projection, Optimization, Localization, and Stabilized Methods},
journal = {SIAM Journal on Numerical Analysis},
volume = {45},
number = {2},
pages = {539-557},
year = {2007},
doi = {10.1137/050645646},
URL = {http://dx.doi.org/10.1137/050645646},
eprint = {http://dx.doi.org/10.1137/050645646}
}

@book{Karniadakis1999,
title={Spectral/hp Element Methods for CFD},
author={Karniadakis, G. and Sherwin, S.J.},
isbn={9780195102260},
lccn={98011180},
series={Numerical mathematics and scientific computation},
url={https://books.google.ca/books?id=R\_ydFKtI59cC},
year={1999},
publisher={Oxford University Press}
}

@article{Kopriva2006,
year={2006},
issn={0885-7474},
journal={Journal of Scientific Computing},
volume={26},
number={3},
doi={10.1007/s10915-005-9070-8},
title={Metric Identities and the Discontinuous Spectral Element Method on Curvilinear Meshes},
url={http://dx.doi.org/10.1007/s10915-005-9070-8},
publisher={Springer US},
author={Kopriva, DavidA.},
pages={301-327},
language={English}
}

@article{Krivodonova2006,
author = {Krivodonova, Lilia and Berger, Marsha},
title = {High-order Accurate Implementation of Solid Wall Boundary Conditions in Curved Geometries},
journal = {J. Comput. Phys.},
issue_date = {20 January 2006},
volume = {211},
number = {2},
month = jan,
year = {2006},
issn = {0021-9991},
pages = {492--512},
numpages = {21},
url = {http://dx.doi.org/10.1016/j.jcp.2005.05.029},
doi = {10.1016/j.jcp.2005.05.029},
acmid = {1141740},
publisher = {Academic Press Professional, Inc.},
address = {San Diego, CA, USA},
}

@article{Lacombe1988,
author = {Lacombe, Claude and Bedard, Claude},
title = {Face-apex Projectors for the Interpolation Function of a General Tetrahedral Mid-edge Finite Element},
journal = {Comput. Methods Appl. Mech. Eng.},
issue_date = {May 1988},
volume = {68},
number = {2},
month = may,
year = {1988},
issn = {0045-7825},
pages = {177--188},
numpages = {12},
url = {http://dx.doi.org/10.1016/0045-7825(88)90114-4},
doi = {10.1016/0045-7825(88)90114-4},
acmid = {47005},
publisher = {Elsevier Sequoia S. A.},
address = {Lausanne, Switzerland, Switzerland},
}

@article{Lenoir1986,
author = {M. Lenoir},
title = {Optimal Isoparametric Finite Elements and Error Estimates for Domains Involving Curved Boundaries},
journal = {SIAM Journal on Numerical Analysis},
volume = {23},
number = {3},
pages = {562-580},
year = {1986},
doi = {10.1137/0723036},
URL = { http://dx.doi.org/10.1137/0723036},
eprint = {http://dx.doi.org/10.1137/0723036}
}

@article{Moro2012,
author = {Moro D. and Nguyen N. C. and Peraire J.},
title = {A hybridized discontinuous Petrov–Galerkin scheme for scalar conservation laws},
journal = {International Journal for Numerical Methods in Engineering},
volume = {91},
number = {9},
pages = {950-970},
keywords = {hybridized discontinuous Galerkin, Petrov–Galerkin, nonlinear conservation laws},
doi = {10.1002/nme.4300},
url = {https://onlinelibrary.wiley.com/doi/abs/10.1002/nme.4300},
eprint = {https://onlinelibrary.wiley.com/doi/pdf/10.1002/nme.4300},
}

@article{Nielson1979,
title = "The side-vertex method for interpolation in triangles ",
journal = "Journal of Approximation Theory ",
volume = "25",
number = "4",
pages = "318 - 336",
year = "1979",
note = "",
issn = "0021-9045",
doi = "http://dx.doi.org/10.1016/0021-9045(79)90020-0",
url = "http://www.sciencedirect.com/science/article/pii/0021904579900200",
author = "Gregory M. Nielson"
}

@article{Orszag1980,
title = "Spectral methods for problems in complex geometries ",
journal = "Journal of Computational Physics ",
volume = "37",
number = "1",
pages = "70 - 92",
year = "1980",
note = "",
issn = "0021-9991",
doi = "http://dx.doi.org/10.1016/0021-9991(80)90005-4",
url = "http://www.sciencedirect.com/science/article/pii/0021999180900054",
author = "Steven A Orszag"
}

@Inbook{Peraire2010,
author={Peraire, Jaime
and Nguyen, Ngoc
and Cockburn, Bernardo},
chapter={A Hybridizable Discontinuous Galerkin Method for the Compressible Euler and Navier-Stokes Equations},
series={Aerospace Sciences Meetings},
year={2010},
month={Jan},
day={04},
publisher={American Institute of Aeronautics and Astronautics},
note={0},
doi={10.2514/6.2010-363},
url={https://doi.org/10.2514/6.2010-363}
}

@book{Pletcher1997,
  title={Computational Fluid Mechanics and Heat Transfer, Second Edition},
  author={Pletcher, R.H. and Tannehill, J.C. and Anderson, D.},
  isbn={9781560320463},
  lccn={83018614},
  series={Series in Computational and Physical Processes in Mechanics and Thermal Sciences},
  url={https://books.google.ca/books?id=ZJPbtHeilCgC},
  year={1997},
  publisher={Taylor \& Francis}
}

@inbook{Reed1973,
place={United States},
title={Triangular mesh methods for the neutron transport equation},
url={http://www.osti.gov/scitech/servlets/purl/4491151},
author={Reed, W.H. and Hill, T.R.},
year={1973},
month={Oct}}

@book{Szabo1991,
title={Finite Element Analysis},
author={Szabo, B.A. and Babu{\v{s}}ka, I.},
isbn={9780471502739},
lccn={lc90041067},
series={A Wiley-Interscience publication},
url={https://books.google.ca/books?id=JsCg-QWUT28C},
year={1991},
publisher={Wiley}
}

@article{Vincent2011,
year={2011},
issn={0885-7474},
journal={Journal of Scientific Computing},
volume={47},
number={1},
doi={10.1007/s10915-010-9420-z},
title={A New Class of High-Order Energy Stable Flux Reconstruction Schemes},
url={http://dx.doi.org/10.1007/s10915-010-9420-z},
publisher={Springer US},
keywords={High-order methods; Flux reconstruction; Nodal discontinuous {G}alerkin method; Spectral difference method; Stability},
author={Vincent, P.E. and Castonguay, P. and Jameson, A.},
pages={50-72},
language={English}
}

@article{Williams2014a,
year={2014},
issn={0885-7474},
journal={Journal of Scientific Computing},
volume={59},
number={3},
doi={10.1007/s10915-013-9780-2},
title={Energy Stable Flux Reconstruction Schemes for Advection-Diffusion Problems on Tetrahedra},
url={http://dx.doi.org/10.1007/s10915-013-9780-2},
publisher={Springer US},
keywords={High-order; Unstructured; Discontinuous {G}alerkin; Spectral difference; Flux reconstruction; Tetrahedra; 65M12; 65M60; 65M70; 35Q35; 35L65; 35Q30},
author={Williams, D.M. and Jameson, A.},
pages={721-759},
language={English}
}

@article{Xie2013,
year={2013},
issn={0178-7675},
journal={Computational Mechanics},
volume={51},
number={3},
doi={10.1007/s00466-012-0736-4},
title={The generation of arbitrary order curved meshes for 3{D} finite element analysis},
url={http://dx.doi.org/10.1007/s00466-012-0736-4},
publisher={Springer-Verlag},
keywords={Mesh generation; High-order elements; Curved finite elements; Element distortion; Element stretching; Computational fluid dynamics},
author={Xie, ZhongQ. and Sevilla, Ruben and Hassan, Oubay and Morgan, Kenneth},
pages={361-374},
language={English}
}

@article{Xu2003,
author = {Xu, Jinchao and Zikatanov, Ludmil},
year = {2003},
month = {03},
pages = {195-202},
title = {Some observations on Babuška and Brezzi theories},
volume = {94},
booktitle = {Numerische Mathematik}
}

@article{Zwanenburg2016,
title = "Equivalence between the Energy Stable Flux Reconstruction and Filtered Discontinuous {G}alerkin Schemes ",
journal = "Journal of Computational Physics ",
volume = "306",
number = "",
pages = "343 - 369",
year = "2016",
note = "",
issn = "0021-9991",
doi = "http://dx.doi.org/10.1016/j.jcp.2015.11.036",
url = "http://www.sciencedirect.com/science/article/pii/S0021999115007767",
author = "Philip Zwanenburg and Siva Nadarajah",
keywords = "High-order",
keywords = "Flux reconstruction",
keywords = "Discontinuous {G}alerkin",
keywords = "Equivalence",
keywords = "Filter",
keywords = "Curvilinear "
}

@Inbook{Zwanenburg2017,
author={Zwanenburg, Philip
and Nadarajah, Sivakumaran},
chapter={On the Necessity of Superparametric Geometry Representation for Discontinuous Galerkin Methods on Domains with Curved Boundaries},
series={AIAA AVIATION Forum},
year={2017},
month={Jun},
day={02},
publisher={American Institute of Aeronautics and Astronautics},
note={0},
doi={10.2514/6.2017-3946},
url={https://doi.org/10.2514/6.2017-3946}
}
